
@inproceedings{wang2015assumptions,
  title={Assumptions of decision-making models in {AGI}},
  author={Wang, Pei and Hammer, Patrick},
  booktitle={International Conference on Artificial General Intelligence},
  pages={197--207},
  year={2015},
  organization={Springer}
}

@article{wirth2017survey,
  title={A survey of preference-based reinforcement learning methods},
  author={Wirth, Christian and Akrour, Riad and Neumann,
  Gerhard and F{\"u}rnkranz, Johannes},
  journal={The Journal of Machine Learning Research},
  volume={18},
  number={1},
  pages={4945--4990},
  year={2017},
  publisher={JMLR. org}
}

@article{zhao2009reinforcement,
  title={Reinforcement learning design for cancer clinical trials},
  author={Zhao, Yufan and Kosorok, Michael R and Zeng, Donglin},
  journal={Statistics in medicine},
  volume={28},
  number={26},
  pages={3294--3315},
  year={2009},
}

@article{alexander2020archimedean,
  title={The {A}rchimedean trap: Why traditional reinforcement
  learning will probably not yield {AGI}},
  author={Alexander, Samuel Allen},
  journal={Journal of Artificial General Intelligence},
  volume={11},
  number={1},
  pages={70--85},
  year={2020}
}

@inproceedings{hibbard,
  title={Measuring agent intelligence via hierarchies of environments},
  author={Hibbard, Bill},
  booktitle={ICAGI},
  pages={303--308},
  year={2011}
}

@inproceedings{hibbard2008adversarial,
  title={Adversarial sequence prediction},
  author={Hibbard, Bill},
  booktitle={ICAGI},
  pages={399--403},
  year={2008},
}

@incollection{shapiro,
  title={Epistemic and intuitionistic arithmetic},
  author={Shapiro, Stewart},
  booktitle={Studies in Logic and the Foundations of Mathematics},
  volume={113},
  pages={11--46},
  year={1985},
  publisher={Elsevier}
}

@incollection{lacan,
    title={The Mirror Stage as Formative of the Function of the {I}},
    author={Lacan, Jacques},
    booktitle={\'{E}crits: A selection},
    translator={Sheridan, Alan},
    pages={1--6},
    year={2001},
    publisher={Routledge}
}

@article{carlson,
  title={Knowledge, machines, and the consistency of {Reinhardt's} strong mechanistic thesis},
  author={Carlson, Timothy J},
  journal={Annals of Pure and Applied Logic},
  volume={105},
  number={1-3},
  pages={51--82},
  year={2000},
  publisher={Elsevier}
}

@incollection{nozick1969newcomb,
  title={Newcomb’s problem and two principles of choice},
  author={Nozick, Robert},
  booktitle={Essays in honor of Carl G. Hempel},
  pages={114--146},
  year={1969},
  publisher={Springer},
  editor={Rescher, Nicholas}
}

@inproceedings{yampolskiy2012ai,
  title={{AI}-complete, {AI}-hard, or {AI}-easy--classification of problems in {AI}},
  author={Yampolskiy, Roman V},
  booktitle={The 23rd Midwest Artificial Intelligence and Cognitive Science Conference},
  year={2012}
}

@article{alexander2019intelligence,
  title={Intelligence via ultrafilters: structural properties of some intelligence comparators of deterministic {L}egg-{H}utter agents},
  author={Alexander, Samuel Allen},
  journal={Journal of Artificial General Intelligence},
  volume={10},
  number={1},
  pages={24--45},
  year={2019},
  publisher={Sciendo}
}

@article{legg2007universal,
  title={Universal intelligence: A definition of machine intelligence},
  author={Legg, Shane and Hutter, Marcus},
  journal={Minds and machines},
  volume={17},
  number={4},
  pages={391--444},
  year={2007},
  publisher={Springer}
}

@inproceedings{cobbe2020leveraging,
  title={Leveraging procedural generation to benchmark reinforcement learning},
  author={Cobbe, Karl and Hesse, Chris and Hilton, Jacob and Schulman, John},
  booktitle={International conference on machine learning},
  pages={2048--2056},
  year={2020},
  organization={PMLR}
}

@article{bellemare2013arcade,
  title={The arcade learning environment: An evaluation platform for general agents},
  author={Bellemare, Marc G and Naddaf, Yavar and Veness, Joel and Bowling, Michael},
  journal={Journal of Artificial Intelligence Research},
  volume={47},
  pages={253--279},
  year={2013}
}

@article{brockman2016openai,
  title={Open{AI} gym},
  author={Brockman, Greg and Cheung, Vicki and Pettersson, Ludwig and Schneider, Jonas and Schulman, John and Tang, Jie and Zaremba, Wojciech},
  journal={Preprint},
  year={2016}
}

@article{beyret2019animal,
  title={The animal-{AI} environment: Training and testing animal-like artificial cognition},
  author={Beyret, Benjamin and Hern{\'a}ndez-Orallo, Jos{\'e} and Cheke, Lucy and Halina, Marta and Shanahan, Murray and Crosby, Matthew},
  journal={Preprint},
  year={2019}
}

@article{chollet2019measure,
  title={On the measure of intelligence},
  author={Chollet, Fran{\c{c}}ois},
  journal={Preprint},
  year={2019}
}

@article{hernandez,
  title={Measuring universal intelligence: Towards an anytime intelligence test},
  author={Hern{\'a}ndez-Orallo, Jos{\'e} and Dowe, David L},
  journal={Artificial Intelligence},
  volume={174},
  number={18},
  pages={1508--1539},
  year={2010},
  publisher={Elsevier}
}

@inproceedings{sherstan2016introspective,
  title={Introspective agents: Confidence measures for general value functions},
  author={Sherstan, Craig and White, Adam and Machado, Marlos C and Pilarski, Patrick M},
  booktitle={International Conference on Artificial General Intelligence},
  pages={258--261},
  year={2016},
  organization={Springer}
}

@article{yampolskiy2012leakproofing,
  title={Leakproofing the Singularity-Artificial Intelligence Confinement Problem},
  author={Yampolskiy, Roman V},
  journal={JCS},
  volume={19},
  year={2012}
}

@article{darwin1877biographical,
  title={A biographical sketch of an infant},
  author={Darwin, Charles},
  journal={Mind},
  volume={2},
  number={7},
  pages={285--294},
  year={1877},
  publisher={JSTOR}
}

@article{gallagher2020third,
  title={Third-Eye Rivalry},
  author={Gallagher, Regan M and Tsuchiya, Naotsugu},
  journal={i-Perception},
  volume={11},
  number={4},
  year={2020},
  publisher={SAGE Publications Sage UK: London, England}
}

@book{augustine1993free,
  title={On Free Choice of the Will},
  author={Augustine},
  translator={Williams, Thomas},
  publisher={Hackett},
  year={1993}
}

@inproceedings{sanghi2003computer,
  title={A computer program capable of passing {IQ} tests},
  author={Sanghi, Pritika and Dowe, David L},
  booktitle={4th Intl. Conf. on Cognitive Science (ICCS’03), Sydney},
  pages={570--575},
  year={2003}
}

@incollection{chalmers,
    author={Chalmers, David},
    title={{GPT-3} and General Intelligence},
    booktitle={Philosophers On GPT-3},
    editor={Zimmermann, Annette},
    publisher={Daily Nous},
    year={2020}
}

@incollection{republic,
  title={Republic},
  booktitle={Plato: complete works},
  author={Plato},
  editor={Cooper, John M and Hutchinson, Douglas S and others},
  year={1997},
  publisher={Hackett Publishing}
}

@incollection{platolaws,
  title={Laws},
  booktitle={Plato: complete works},
  author={Plato},
  editor={Cooper, John M and Hutchinson, Douglas S and others},
  year={1997},
  publisher={Hackett Publishing}
}

@incollection{aristotlesense,
  title={Sense and Sensibilia},
  booktitle={The Complete Works of Aristotle},
  author={Aristotle},
  editor={Barnes, Jonathan and others},
  year={1984},
  publisher={Princeton University Press}
}

@incollection{aristotlesoul,
  title={On the Soul},
  booktitle={The Complete Works of Aristotle},
  author={Aristotle},
  editor={Barnes, Jonathan and others},
  year={1984},
  publisher={Princeton University Press}
}

@article{aleksander2020category,
  title={The Category of Machines that Become Conscious},
  author={Aleksander, Igor},
  journal={Journal of Artificial Intelligence and Consciousness},
  volume={7},
  number={1},
  pages={3--13},
  year={2020},
  publisher={World Scientific}
}

@article{gavane,
  title={A measure of real-time intelligence},
  author={Gavane, Vaibhav},
  journal={Journal of Artificial General Intelligence},
  volume={4},
  number={1},
  pages={31--48},
  year={2013},
  publisher={De Gruyter Open}
}

@incollection{plotinus,
  title={On Providence},
  booktitle={Plotinus: The Enneads},
  author={Plotinus},
  editor={Gerson, Lloyd P.},
  year={2017},
  publisher={Cambridge University Press}
}

@article{hubinger2019risks,
   title={Risks from learned optimization in advanced machine learning systems},
   author={Hubinger, Evan and van Merwijk, Chris and Mikulik, Vladimir and Skalse, Joar and Garrabrant, Scott},
   journal={arXiv preprint arXiv:1906.01820},
   year={2019}
}

@misc{library,
  author = {Alexander, Samuel Allen and Castaneda, Michael and Compher, Kevin
    and Martinez, Oscar},
  title = {Extended{E}nvironments},
  year = {2021},
  publisher = {GitHub},
  journal = {GitHub repository},
  howpublished = {GitHub repository, https://github.com/semitrivial/ExtendedEnvironments},
}

@inproceedings{goertzel2006patterns,
  title={Patterns, hypergraphs and embodied general intelligence},
  author={Goertzel, Ben},
  booktitle={The 2006 IEEE international joint conference on neural network proceedings},
  pages={451--458},
  year={2006},
  organization={IEEE}
}

@article{yampolskiy2017detecting,
  title={Detecting qualia in natural and artificial agents},
  author={Yampolskiy, Roman V},
  journal={arXiv preprint arXiv:1712.04020},
  year={2017}
}
