@book{hutter2004universal,
  title={Universal artificial intelligence:
    Sequential decisions based on algorithmic probability},
  author={Hutter, Marcus},
  year={2004},
  publisher={Springer}
}
